@misc{spring-webflux-comparing-template-engines,
  title = {Spring WebFlux Comparing Template Engines},
  year = {2025},
  url = {https://github.com/xmlet/spring-webflux-comparing-template-engines},
  note = {Accessed: 2025-04-27},
}