@conference{pssr-susp,
 author={Fernando Miguel Carvalho},
 title={Progressive Server-Side Rendering with Suspendable Web Templates},
 booktitle={Proceedings of the 25th International Conference on Web Information Systems Engineering - WISE},
 year={2024},
 address={Doha, Qatar},
 keywords={Web development; Server-side rendering; Web templates},
}

@conference{webist23,
  author={Fernando {Miguel Carvalho} and Pedro Fialho},
  title={Enhancing SSR in Low-Thread Web Servers: A Comprehensive Approach for Progressive Server-Side Rendering with any Asynchronous API and Multiple Data Models},
  booktitle={Proceedings of the 19th International Conference on Web Information Systems and Technologies - WEBIST},
  year={2023},
  pages={37-48},
  publisher={SciTePress},
  organization={INSTICC},
  doi={10.5220/0012165300003584},
  isbn={978-989-758-672-9},
  issn={2184-3252},
}

@misc{spring-webflux-comparing-template-engines,
  title = {Spring WebFlux Comparing Template Engines},
  year = {2025},
  url = {https://github.com/xmlet/spring-webflux-comparing-template-engines},
  note = {Accessed: 2025-03-10}
}

@article{kotlin_coroutines,
  author = {JetBrains},
  title = {Kotlin Coroutines and Structured Concurrency},
  journal = {Kotlin Documentation},
  year = {2024},
  url = {https://kotlinlang.org/docs/coroutines-overview.html}
}

@article{virtual_threads,
  author = {Oracle},
  title = {JEP 425: Virtual Threads},
  journal = {Java SE Documentation},
  year = {2024},
  url = {https://openjdk.org/jeps/425}
}

@article{benchmarking_web,
  author = {Apache Foundation},
  title = {Benchmarking Web Performance with Apache JMeter},
  journal = {Apache JMeter Docs},
  year = {2024},
  url = {https://jmeter.apache.org/}
}

@article{jmh_benchmark,
  author = {Java Performance Group},
  title = {JMH: Java Microbenchmarking Harness},
  journal = {Performance Testing Journal},
  year = {2023},
  volume = {9},
  pages = {55-67}
}

@article{apache_jmeter,
  author = {Apache Foundation},
  title = {Understanding Performance Testing with JMeter},
  journal = {Apache Documentation},
  year = {2024},
  url = {https://jmeter.apache.org/usermanual/index.html}
}

@article{prismic,
  author = {Prismic.io},
  title = {Client-Side vs Server-Side Rendering},
  year = {2024},
  url = {https://prismic.io/blog/client-side-vs-server-side-rendering}
}

@article{nextjs,
  author = {Next.js Documentation},
  title = {Client-Side Rendering in Next.js},
  year = {2024},
  url = {https://nextjs.org/docs/pages/building-your-application/rendering/client-side-rendering}
}
